@phdthesis{10.5555/AAI29191757,
author = {Orojo, Oluwatamilore Oluwatoyin},
title = {Optimizing Sluggish State-Based Neural Networks for Effective Time-Series Processing},
year = {2021},
school = {Nottingham Trent University},
note = {AAI29191757}
}

@misc{ enwiki:1314348414,
author = "{Wikipedia contributors}",
title = "Recurrent neural network --- {Wikipedia}{,} The Free Encyclopedia",
year = "2025",
url = "https://en.wikipedia.org/w/index.php?title=Recurrent_neural_network&oldid=1314348414",
note = "[Online; accessed 2-October-2025]"
}

@misc{shrivastava2020cross,
author = {Shrivastava, Soumya},
title = {Cross Validation in Time Series},
year = {2020},
howpublished = {Medium},
url = {https://medium.com/@soumyachess1496/cross-validation-in-time-series-566ae4981ce4},
note = {Accessed: 2 October 2025}
}
